
@Article{vandeWitte1996,
  Title                    = {Phase separation processes in polymer solutions in relation to membrane formation},
  Author                   = {P. {van de Witte} and P.J. Dijkstra and J.W.A. van den Berg and J. Feijen},
  Journal   = {J. Membr. Sci.},
  Year                     = {1996},
  Pages                    = {1--31},
  Volume                   = {117},
  Doi                      = {10.1016/0376-7388(96)00088-9},
}

@Article{Sosa2016,
  Title                    = {Soft Multifaced and Patchy Colloids by Constrained Volume Self-Assembly},
  Author                   = {Sosa, Chris and Liu, Rui and Tang, Christina and Qu, Fengli and Niu, Sunny and Bazant, Martin Z. and Prud’homme, Robert K. and Priestley, Rodney D.},
  Journal                  = {Macromolecules},
  Year                     = {2016},
  Pages                    = {3580--3585},
  Volume                   = {49},
  Doi                      = {10.1021/acs.macromol.6b00708}
}

@Article{Parnell2015,
  Title                    = {Spatially modulated structural colour in bird feathers},
  Author                   = {Parnell, Andrew J. and Washington, Adam L. and Mykhaylyk, Oleksandr O. and Hill, Christopher J. and Bianco, Antonino and Burg, Stephanie L. and Dennison, Andrew J. C. and Snape, Mary and Cadby, Ashley J. and Smith, Andrew and et al.},
  Journal                  = {Sci. Rep.},
  Year                     = {2015},
  Pages                    = {18317},
  Volume                   = {5},
  Doi                      = {10.1038/srep18317}
}

@Article{deGennes1980,
  Title                    = {Dynamics of fluctuations and spinodal decomposition in polymer blends},
  Author                   = {{de Gennes}, P. G.},
  Journal                  = {J. Chem. Phys.},
  Year                     = {1980},
  Pages                    = {4756},
  Volume                   = {72},
  Doi                      = {10.1063/1.439809}
}

@Article{Doi1992,
  Title                    = {Dynamic coupling between stress and composition in polymer solutions and blends},
  Author                   = {Masao Doi and Akira Onuki},
  Journal                  = {J. Phys. II France},
  Year                     = {1992},
  Pages                    = {1631--1656},
  Volume                   = {2},
  Doi                      = {10.1051/jp2:1992225}
}

@Article{Tree2017,
  Title                    = {A multi-fluid model for microstructure formation in polymer membranes},
  Author                   = {Douglas R. Tree and Kris T. Delaney and Hector D. Ceniceros and Tatsuhiro Iwama and Glenn H. Fredrickson},
  Journal                  = {Soft Matter},
  Year                     = {2017},
  Pages                    = {3013--3030},
  Volume                   = {13},
  Doi                      = {10.1039/C6SM02839J}
}


@Article{Ball1990,
  Title                    = {Spinodal decomposition and pattern formation near surfaces},
  Author                   = {Ball, R C and Essery, R L H},
  Journal                  = {J. Phys.: Condens. Matter},
  Year                     = {1990},
  Pages                    = {10303--10320},
  Volume                   = {2},
  Doi                      = {10.1088/0953-8984/2/51/006}
}

@Article{Jones1991,
  Title                    = {Surface-directed spinodal decomposition},
  Author                   = {Jones, Richard A. L. and Norton, Laura J. and Kramer, Edward J. and Bates, Frank S. and Wiltzius, Pierre},
  Journal                  = {Phys. Rev. Lett.},
  Year                     = {1991},
  Pages                    = {1326--1329},
  Volume                   = {66},
  Doi                      = {10.1103/PhysRevLett.66.1326}
}


@Article{Marko1993,
  Title                    = {Influence of surface interactions on spinodal decomposition},
  Author                   = {Marko, J. F.},
  Journal                  = {Phys. Rev. E},
  Year                     = {1993},
  Pages                    = {2861--2879},
  Volume                   = {48},
  Doi                      = {10.1103/physreve.48.2861}
}

@Article{Pego1989,
  Title                    = {Front Migration in the Nonlinear Cahn-Hilliard Equation},
  Author                   = {Pego, R. L.},
  Journal                  = {P. Roy. Soc. A-Math. Phy},
  Year                     = {1989},
  Pages                    = {261--278},
  Volume                   = {422},
  Doi                      = {10.1098/rspa.1989.0027}
}

@Article{Tsay1990,
  Title                    = {Mass transfer modeling of asymmetric membrane formation by phase inversion},
  Author                   = {Tsay, C. S. and McHugh, A. J.},
  Journal                  = {J. Polym. Sci. Pol. Phys.},
  Year                     = {1990},
  Pages                    = {1327--1365},
  Volume                   = {28},
  Doi                      = {10.1002/polb.1990.090280810}
}

@Article{Reuvers1987,
  Title                    = {Formation of membranes by means of immersion precipitation. Part II. The mechanism of formation of membranes prepared from the system cellulose acetate-acetone-water},
  Author                   = {Reuvers, A.J. and Smolders, C.A.},
  Journal                  = {J. Membr. Sci.},
  Year                     = {1987},
  Pages                    = {67--86},
  Volume                   = {34},
  Doi                      = {10.1016/s0376-7388(00)80021-6}
}

@Article{Chen1998a,
  Title                    = {Hydrodynamic effects on domain growth in off-critical polymer blends},
  Author                   = {Chen, Hao and Chakrabarti, Amitabha},
  Journal                  = {J. Chem. Phys.},
  Year                     = {1998},
  Pages                    = {6006},
  Volume                   = {108},
  Doi                      = {10.1063/1.476013}
}

@Article{Aksimentiev2000,
  Title                    = {Scaling properties of the morphological measures at the early and intermediate stages of the spinodal decomposition in homopolymer blends},
  Author                   = {Aksimentiev, Aleksij and Moorthi, Krzysztof and Holyst, Robert},
  Journal                  = {J. Chem. Phys.},
  Year                     = {2000},
  Pages                    = {6049},
  Volume                   = {112},
  Doi                      = {10.1063/1.481178}
}

@Article{Barton1998,
  Title                    = {Dynamics of Spinodal Decomposition in Polymer Solutions near a Glass Transition},
  Author                   = {Barton, B. F. and Graham, P. D. and McHugh, A. J.},
  Journal                  = {Macromolecules},
  Year                     = {1998},
  Pages                    = {1672--1679},
  Volume                   = {31},
  Doi                      = {10.1021/ma970964j}
}

@Article{Phillip2011,
  Title                    = {Tuning Structure and Properties of Graded Triblock Terpolymer-Based Mesoporous and Hybrid Films},
  Author                   = {Phillip, William A. and Mika Dorin, Rachel and Werner, Jörg and Hoek, Eric M. V. and Wiesner, Ulrich and Elimelech, Menachem},
  Journal                  = {Nano Lett.},
  Year                     = {2011},
  Pages                    = {2892--2900},
  Volume                   = {11},
  Doi                      = {10.1021/nl2013554},
}

@Article{Zhou2006,
  Title                    = {Phase field simulations of early stage structure formation during immersion precipitation of polymeric membranes in 2D and 3D},
  Author                   = {Bo Zhou and Adam C. Powell},
  Journal                  = {J. Membr. Sci.},
  Year                     = {2006},
  Pages                    = {150--164},
  Volume                   = {268},
  Doi                      = {10.1016/j.memsci.2005.05.030}
}

@Article{Wang2013e,
  Title                    = {Recent advances in preparation and morphology control of polymeric membranes formed by nonsolvent induced phase separation},
  Author                   = {Wang, Da-Ming and Lai, Juin-Yih},
  Journal                  = {Curr. Opin. Chem. Eng.},
  Year                     = {2013},
  Pages                    = {229--237},
  Volume                   = {2},
  Doi                      = {10.1016/j.coche.2013.04.003},
}

@Article{vandeWitte1996,
  Title                    = {Phase separation processes in polymer solutions in relation to membrane formation},
  Author                   = {P. {van de Witte} and P.J. Dijkstra and J.W.A. van den Berg and J. Feijen},
  Journal                  = {J. Membr. Sci.},
  Year                     = {1996},
  Pages                    = {1--31},
  Volume                   = {117},
  Doi                      = {10.1016/0376-7388(96)00088-9}
}

@Article{Strathmann1975,
  Title                    = {The formation mechanism of asymmetric membranes},
  Author                   = {Strathmann, H. and Kock, K. and Amar, P. and Baker, R.W.},
  Journal                  = {Desalination},
  Year                     = {1975},
  Pages                    = {179--203},
  Volume                   = {16},
  Doi                      = {10.1016/s0011-9164(00)82092-5},
}


@Article{Hur2012,
  Title                    = {Chebyshev Collocation in Polymer Field Theory: Application to Wetting Phenomena},
  Author                   = {Hur, Su-Mi and Garcia-Cervera, Carlos J. and Fredrickson, Glenn H.},
  Journal                  = {Macromolecules},
  Year                     = {2012},
  Pages                    = {2905--2919},
  Volume                   = {45},
  Doi                      = {10.1021/ma202427n}
}

@Book{Fredrickson2006,
  Title                    = {The Equilibrium Theory of Inhomogeneous Polymers},
  Author                   = {Glenn H. Fredrickson},
  Publisher                = {Oxford University Press},
  Year                     = {2006}
}

@Article{Fornberg1988,
  Title                    = {Generation of finite difference formulas on arbitrarily spaced grids},
  Author                   = {Fornberg, Bengt},
  Journal                  = {Math. Comp.},
  Year                     = {1988},
  Pages                    = {699--699},
  Volume                   = {51},
  Doi                      = {10.1090/s0025-5718-1988-0935077-0}
}

@Article{FordVersypt2014,
  Title                    = {Analysis of finite difference discretization schemes for diffusion in spheres with variable diffusivity},
  Author                   = {Ford Versypt, Ashlee N. and Braatz, Richard D.},
  Journal                  = {Comput. Chem. Eng.},
  Year                     = {2014},
  Pages                    = {241--252},
  Volume                   = {71},
  Doi                      = {10.1016/j.compchemeng.2014.05.022}
}

@Article{Rempfer2006,
  Title                    = {On Boundary Conditions for Incompressible Navier-Stokes Problems},
  Author                   = {Rempfer, Dietmar},
  Journal                  = {Appl. Mech. Rev.},
  Year                     = {2006},
  Pages                    = {107},
  Volume                   = {59},
  Doi                      = {10.1115/1.2177683}
}

@Article{Martys2001,
  author    = {Nicos S. Martys and Jack F. Douglas},
  title     = {Critical properties and phase separation in lattice Boltzmann fluid mixtures},
  journal   = {Phys. Rev. E},
  year      = {2001},
  volume    = {63},
  doi       = {10.1103/physreve.63.031205},
}


@Article{Schmidt1985,
  author    = {I. Schmidt and K. Binder},
  title     = {Model calculations for wetting transitions in polymer mixtures},
  journal   = {J. Phys.},
  year      = {1985},
  volume    = {46},
  pages     = {1631--1644},
  doi       = {10.1051/jphys:0198500460100163100}
}

@Article{Hur2012,
  author    = {Hur, Su-Mi and Garcia-Cervera, Carlos J. and Fredrickson, Glenn H.},
  title     = {Chebyshev Collocation in Polymer Field Theory: Application to Wetting Phenomena},
  journal   = {Macromolecules},
  year      = {2012},
  volume    = {45},
  pages     = {2905--2919},
  doi       = {10.1021/ma202427n}
}

@Article{Tarzia2000,
  author    = {D. A. Tarzia},
  title     = {A bibliography on moving-free boundary problems for the heat-diffusion equation. The Stefan Problem.},
  journal   = {MAT-Serie A},
  volume    = {2},
  pages     = {1--297},
  year      = {2000}
}

@Article{vanSaarloos1988,
  author    = {Wim {van Saarloos}},
  title     = {Front propagation into unstable states: Marginal stability as a dynamical mechanism for velocity selection},
  journal   = {Phys. Rev. A},
  year      = {1988},
  volume    = {37},
  pages     = {211--229},
  doi       = {10.1103/physreva.37.211}
}

@Article{vanSaarloos1987,
  author    = {Wim {van Saarloos}},
  title     = {Dynamical velocity selection: Marginal stability},
  journal   = {Phys. Rev. Lett.},
  year      = {1987},
  volume    = {58},
  pages     = {2571--2574},
  doi       = {10.1103/physrevlett.58.2571}
}

@Article{Reuvers1987a,
  author    = {Reuvers, A. J. and van den Berg, J. W. A. and Smolders, C. A.},
  title     = {Formation of membranes by means of immersion precipitation. Part I. A model to describe mass transfer during immersion precipitation},
  Journal   = {J. Membr. Sci.},
  year      = {1987},
  volume    = {34},
  pages     = {45--65},
  issn      = {0376-7388},
  doi       = {10.1016/s0376-7388(00)80020-4}
}

@Article{Tree2018,
  author    = {Douglas R. Tree and Tatsuhiro Iwama and Kris T. Delaney and Joshua Lee and Glenn H. Fredrickson},
  title     = {Marangoni Flows during Nonsolvent Induced Phase Separation},
  journal   = {{ACS} Macro Lett.},
  year      = {2018},
  volume    = {7},
  pages     = {582--586},
  doi       = {10.1021/acsmacrolett.8b00012}
}

@Article{Fornberg1988,
  Title     = {Generation of finite difference formulas on arbitrarily spaced grids},
  Author    = {Fornberg, Bengt},
  Journal   = {Math. Comp.},
  Year      = {1988},
  Pages     = {699--706},
  Volume    = {51},
  Doi       = {10.1090/s0025-5718-1988-0935077-0}
}

@Book{Press2002,
  title     = {Numerical Recipes in C++: The Art of Scientific Computing, 2nd Edition},
  year      = {2002},
  author    = {William H. Press and Saul A. Teukolsky and William T. Vetterling and Brian P. Flannery},
  Publisher = {Cambridge University Press}
}

@Article{Prakash2008,
  author    = {Sai S. Prakash and Lorraine F. Francis and L. E. Scriven},
  title     = {Microstructure evolution in dry--wet cast polysulfone membranes by cryo-SEM: A hypothesis on macrovoid formation},
  Journal   = {J. Membr. Sci.},
  year      = {2008},
  volume    = {313},
  pages     = {135--157},
  doi       = {10.1016/j.memsci.2008.01.006}
}

@Article{Paradiso2016,
  author    = {Paradiso, Sean P. and Delaney, Kris T. and Garcia-Cervera, Carlos J. and Ceniceros, Hector D. and Fredrickson, Glenn H.},
  title     = {Cyclic Solvent Annealing Improves Feature Orientation in Block Copolymer Thin Films},
  journal   = {Macromolecules},
  year      = {2016},
  volume    = {49},
  pages     = {1743--1751},
  doi       = {10.1021/acs.macromol.5b02107},
}

@Article{Cheng1994,
  Title     = {An improved model for mass transfer during the formation of polymeric membranes by the immersion-precipitation process},
  Author    = {Cheng, Liao-Ping and Soh, Young S. and Dwan, An-Hwa and Gryte, Carl C.},
  Journal   = {J. Polym. Sci., Part B: Polym. Phys.},
  Year      = {1994},
  Pages     = {1413--1425},
  Volume    = {32},
  Doi       = {10.1002/polb.1994.090320813}
}

@Article{McHugh1992,
  author    = {McHugh, A. J. and Tsay, C. S.},
  title     = {Dynamics of the phase inversion process},
  journal   = {J. Appl. Polym. Sci.},
  year      = {1992},
  volume    = {46},
  pages     = {2011--2021},
  doi       = {10.1002/app.1992.070461113}
}


@Article{Gaides1992,
  Title     = {Measurement and analysis of bath-side interfacial concentration gradients during phase inversion},
  Author    = {Gaides, G.E. and McHugh, A.J.},
  Journal   = {J. Membr. Sci.},
  Year      = {1992},
  Pages     = {83--94},
  Volume    = {74},
  Doi       = {10.1016/0376-7388(92)87074-8}
}

@Article{McHugh1995a,
  Title     = {The dynamics of diffusion and gel growth during nonsolvent-induced phase inversion of polyethersulfone},
  Author    = {McHugh, A.J. and Miller, D.C.},
  Journal   = {J. Membr. Sci.},
  Year      = {1995},
  Pages     = {121--136},
  Volume    = {105},
  Doi       = {10.1016/0376-7388(95)00046-f}
}

@Article{Smolders1992,
  author    = {C. A. Smolders and A. J. Reuvers and R. M. Boom and I. M. Wienk},
  title     = {Microstructures in phase-inversion membranes. Part 1. Formation of macrovoids},
  Journal   = {J. Membr. Sci.},
  year      = {1992},
  volume    = {73},
  pages     = {259--275},
  doi       = {10.1016/0376-7388(92)80134-6}
}

@Article{Holda2013,
  author    = {Agnieszka K. Ho{\l}da and Ben Aernouts and Wouter Saeys and Ivo F.J. Vankelecom},
  title     = {Study of polymer concentration and evaporation time as phase inversion parameters for polysulfone-based {SRNF} membranes},
  Journal   = {J. Membr. Sci.},
  year      = {2013},
  volume    = {442},
  pages     = {196--205},
  doi       = {10.1016/j.memsci.2013.04.017}
}

@Article{Akthakul2005,
  author    = {Ariya Akthakul and Christopher E. Scott and Anne M. Mayes and Alexander J. Wagner},
  title     = {Lattice Boltzmann simulation of asymmetric membrane formation by immersion precipitation},
  Journal   = {J. Membr. Sci.},
  year      = {2005},
  volume    = {249},
  pages     = {213--226},
  doi       = {http://dx.doi.org/10.1016/j.memsci.2004.09.045}
}

@Article{Nguyen1987,
  author    = {T. D. Nguyen and Takeshi Matsuura and S. Sourirajan},
  title     = {Effect of the Casting Solution Composition on Pore Size and Pore Size Distribution of Resulting Aromatic Polyamide Membranes},
  journal   = {Chem. Eng. Commun.},
  year      = {1987},
  volume    = {57},
  pages     = {351--369},
  doi       = {10.1080/00986448708960496},
}

@Article{Barth2000,
  author    = {C. Barth and M.C. Gonçalves and A.T.N. Pires and J. Roeder and B.A. Wolf},
  title     = {Asymmetric polysulfone and polyethersulfone membranes: effects of thermodynamic conditions during formation on their performance},
  Journal   = {J. Membr. Sci.},
  year      = {2000},
  volume    = {169},
  pages     = {287--299},
  doi       = {http://dx.doi.org/10.1016/S0376-7388(99)00344-0}
}

@Article{Guillen2013,
  author    = {Gregory R. Guillen and Guy Z. Ramon and H. Pirouz Kavehpour and Richard B. Kaner and Eric M.V. Hoek},
  title     = {Direct microscopic observation of membrane formation by nonsolvent induced phase separation},
  Journal   = {J. Membr. Sci.},
  year      = {2013},
  volume    = {431},
  pages     = {212--220},
  doi       = {10.1016/j.memsci.2012.12.031}
}

@Article{Zhang2016h,
  author    = {Zhang, Qi and Li, Yuk Mun and Gu, Yibei and Dorin, Rachel Mika and Wiesner, Ulrich},
  title     = {Tuning substructure and properties of supported asymmetric triblock terpolymer membranes},
  journal   = {Polymer},
  year      = {2016},
  volume    = {107},
  pages     = {398--405},
  doi       = {10.1016/j.polymer.2016.07.076}
}

@Article{Udoh2016,
  author    = {Christiana E. Udoh and Valeria Garbin and Jo{\~{a}}o T. Cabral},
  title     = {Microporous Polymer Particles via Phase Inversion in Microfluidics: Impact of Nonsolvent Quality},
  journal   = {Langmuir},
  year      = {2016},
  volume    = {32},
  pages     = {8131--8140},
  doi       = {10.1021/acs.langmuir.6b01799}
}

@Article{Wang2008,
  author    = {Xiao-Lin Wang and Hu-Jun Qian and Li-Jun Chen and Zhong-Yuan Lu and Ze-Sheng Li},
  title     = {Dissipative particle dynamics simulation on the polymer membrane formation by immersion precipitation},
  journal   = {J. Membr. Sci.},
  year      = {2008},
  volume    = {311},
  pages     = {251--258},
  doi       = {http://dx.doi.org/10.1016/j.memsci.2007.12.024}
}

@Article{Termonia1994,
  author    = {Yves Termonia},
  title     = {Monte Carlo diffusion model of polymer coagulation},
  journal   = {Phys. Rev. Lett.},
  year      = {1994},
  volume    = {72},
  pages     = {3678--3681},
  doi       = {10.1103/physrevlett.72.3678}
}


@Article{He2011,
  author    = {Xuehao He and Chaojun Chen and Zhongyi Jiang and Yanlei Su},
  title     = {Computer simulation of formation of polymeric ultrafiltration membrane via immersion precipitation},
  journal   = {J. Membr. Sci.},
  year      = {2011},
  volume    = {371},
  pages     = {108--116},
  doi       = {http://dx.doi.org/10.1016/j.memsci.2011.01.016}
}

@Article{Su2009,
  author    = {Y.S. Su and C.Y. Kuo and D.M. Wang and J.Y. Lai and A. Deratani and C. Pochat and D. Bouyer},
  title     = {Interplay of mass transfer, phase separation, and membrane morphology in vapor-induced phase separation},
  journal   = {J. Membr. Sci.},
  year      = {2009},
  volume    = {338},
  pages     = {17--28},
  doi       = {10.1016/j.memsci.2009.03.050}
}


@Article{Cervellere2019,
  author    = {M. Rosario Cervellere and Yuan-hui Tang and Xianghong Qian and David M. Ford and Paul C. Millett},
  title     = {Mesoscopic simulations of thermally-induced phase separation in {PVDF}/{DPC} solutions},
  journal   = {J. Membr. Sci.},
  year      = {2019},
  volume    = {577},
  pages     = {266--273},
  doi       = {10.1016/j.memsci.2019.02.014}
}

@Article{Tanaka2000,
  author    = {Hajime Tanaka},
  title     = {Viscoelastic phase separation},
  journal   = {J. Phys.-Condens. Mat.},
  year      = {2000},
  volume    = {12},
  number    = {15},
  pages     = {R207},
  doi       = {10.1088/0953-8984/12/15/201}
}


